@MastersThesis{refactoring08,
	author = {Tero Maijala},
	title = {Refactoring on maintaining and expanding software: case UpWind Simulator.},
	school = {Department of Information processing Science},
	year = {2008},
}

@MastersThesis{interaction10,
	author = {Tomi Teri√∂},
	title = {Assessing the utilisation of continous interaction in a large scale software interaction environment},
	school = {University of Oulu, Department of Electrical and Information engineering, Degree program in Information networks},
	year = {2010},
}

@Misc{website:fowler,
	author = {Martin Fowler},
	title = {Continuous Integration},
	month = "May",
	year = 2006,
	url = "http://martinfowler.com/articles/continuousIntegration.html"
}

@misc{website:plugin,
	author = "Mikael Koskinen",
	title = "Plugin-pohjaiset sovellukset arkkitehtuurit",
	month = "October",
	year = 2005,
	url = "https://jyx.jyu.fi/dspace/handle/123456789/19992"
}